<record><leader>00000cas a2200000 a 4500</leader><controlfield tag="001">9304314</controlfield><controlfield tag="008">830311d18521853iauwr ne      0    0eng d</controlfield><controlfield tag="009">3770</controlfield><datafield ind1=" " ind2=" " tag="010"><subfield code="a">sn 83025187 </subfield></datafield><datafield ind1=" " ind2=" " tag="040"><subfield code="a">NPV</subfield><subfield code="b">eng</subfield><subfield code="c">NPV</subfield><subfield code="d">UNP</subfield><subfield code="d">NPX</subfield><subfield code="d">DLC</subfield><subfield code="d">NJW</subfield><subfield code="d">DLC</subfield><subfield code="d">INP</subfield><subfield code="d">CNK</subfield><subfield code="d">CNW</subfield><subfield code="d">NVG</subfield><subfield code="d">OCL</subfield><subfield code="d">OCLCF</subfield><subfield code="d">OCLCO</subfield></datafield><datafield ind1="1" ind2=" " tag="029"><subfield code="a">AU@</subfield><subfield code="b">000020226302</subfield></datafield><datafield ind1=" " ind2=" " tag="042"><subfield code="a">msc</subfield></datafield><datafield ind1=" " ind2=" " tag="043"><subfield code="a">n-us-ia</subfield></datafield><datafield ind1=" " ind2="4" tag="050"><subfield code="a">Newspaper 7777</subfield></datafield><datafield ind1="0" ind2="4" tag="245"><subfield code="a">The Frontier guardian and Iowa sentinel.</subfield></datafield><datafield ind1="1" ind2=" " tag="246"><subfield code="i">Title in publisher's box:</subfield><subfield code="a">Guardian and sentinel,</subfield><subfield code="f">Mar. 4, 1852-&lt;June 18, 1852&gt;</subfield></datafield><datafield ind1=" " ind2=" " tag="260"><subfield code="a">Kanesville [i.e. , Council Bluffs], Iowa :</subfield><subfield code="b">Jacob Dawson,</subfield><subfield code="c">1852-1853.</subfield></datafield><datafield ind1=" " ind2=" " tag="300"><subfield code="a">2 v. :</subfield><subfield code="b">ill. ;</subfield><subfield code="c">59 cm.</subfield></datafield><datafield ind1=" " ind2=" " tag="310"><subfield code="a">Weekly</subfield></datafield><datafield ind1="0" ind2=" " tag="362"><subfield code="a">Vol. 4, no. 3 (Mar. 4, 1852)-v. 5, no. 13 (May 12, 1853).</subfield></datafield><datafield ind1=" " ind2="0" tag="651"><subfield code="a">Council Bluffs (Iowa)</subfield><subfield code="v">Newspapers.</subfield></datafield><datafield ind1=" " ind2="7" tag="655"><subfield code="a">Newspapers.</subfield><subfield code="2">fast</subfield><subfield code="0">(OCoLC)fst01423814</subfield></datafield><datafield ind1=" " ind2="7" tag="651"><subfield code="a">Iowa</subfield><subfield code="z">Council Bluffs.</subfield><subfield code="2">fast</subfield><subfield code="0">(OCoLC)fst01224198</subfield></datafield><datafield ind1=" " ind2=" " tag="752"><subfield code="a">United States</subfield><subfield code="b">Iowa</subfield><subfield code="c">Pottawattamie</subfield><subfield code="d">Council Bluffs.</subfield></datafield><datafield ind1=" " ind2=" " tag="752"><subfield code="a">United States</subfield><subfield code="b">Iowa</subfield><subfield code="c">Pottawattamie</subfield><subfield code="d">Kanesville.</subfield></datafield><datafield ind1="0" ind2="0" tag="780"><subfield code="t">Frontier guardian</subfield><subfield code="w">(DLC)sn 82015734</subfield></datafield></record>